
@article{Steyerl2009,
  author = {Steyerl, Hito},
  title = {In Defense of the Poor Image},
  journal = {e-flux journal},
  number = {10},
  year = {2009},
  url = {https://www.e-flux.com/journal/10/61362/in-defense-of-the-poor-image/}
}

@article{Steyerl2013,
  author = {Steyerl, Hito},
  title = {Too Much World: Is the Internet Dead?},
  journal = {e-flux journal},
  number = {49},
  year = {2013},
  url = {https://www.e-flux.com/journal/49/60097/too-much-world-is-the-internet-dead/}
}

@book{Crary1999,
  author = {Crary, Jonathan},
  title = {Suspensions of Perception: Attention, Spectacle, and Modern Culture},
  year = {1999},
  publisher = {MIT Press}
}

@book{Manovich2001,
  author = {Manovich, Lev},
  title = {The Language of New Media},
  year = {2001},
  publisher = {MIT Press}
}

@book{Pasquinelli2023,
  author = {Pasquinelli, Matteo},
  title = {The Eye of the Master: A Social History of Artificial Intelligence},
  year = {2023},
  publisher = {Verso}
}

@book{Baudrillard1994,
  author = {Baudrillard, Jean},
  title = {Simulacra and Simulation},
  year = {1994},
  publisher = {University of Michigan Press}
}

@book{Berardi2012,
  author = {Berardi, Franco},
  title = {The Uprising: On Poetry and Finance},
  year = {2012},
  publisher = {Semiotext(e)}
}

@book{Crawford2021,
  author = {Crawford, Kate},
  title = {Atlas of AI: Power, Politics, and the Planetary Costs of Artificial Intelligence},
  year = {2021},
  publisher = {Yale University Press}
}

@book{Srnicek2016,
  author = {Srnicek, Nick},
  title = {Platform Capitalism},
  year = {2016},
  publisher = {Polity}
}

@book{Chun2016,
  author = {Chun, Wendy Hui Kyong},
  title = {Updating to Remain the Same: Habitual New Media},
  year = {2016},
  publisher = {MIT Press}
}

@book{Zuboff2019,
  author = {Zuboff, Shoshana},
  title = {The Age of Surveillance Capitalism},
  year = {2019},
  publisher = {Profile Books}
}

@misc{Schuhmann2022,
  author = {Schuhmann, Christoph and Beaumont, Romain and Vencu, Richard and Gordon, Cade and Wightman, Ross and Cherti, Mehdi and Coombes, Theo and Katta, Ash and Mullis, Charlie and Wortsman, Mitchell and others},
  title = {LAION-5B: An open large-scale dataset for training next generation image-text models},
  year = {2022},
  eprint = {2210.08402},
  archivePrefix = {arXiv},
  primaryClass = {cs.CV},
  url = {https://arxiv.org/abs/2210.08402}
}

@misc{Adobe2023,
  author = {{Adobe}},
  title = {Growing Responsibly in the Age of AI: Adobe Firefly and Adobe Stock},
  year = {2023},
  url = {https://www.adobe.com/sensei/generative-ai/facts.html}
}

@article{Paglen2016,
  author = {Paglen, Trevor},
  title = {Invisible Images (Your Pictures Are Looking at You)},
  journal = {The New Inquiry},
  year = {2016},
  url = {https://thenewinquiry.com/invisible-images-your-pictures-are-looking-at-you/}
}

@misc{Wired2022,
  author = {{Wired}},
  title = {A Zelensky Deepfake Was Quickly Defeated. The Next One Might Not Be.},
  year = {2022},
  url = {https://www.wired.com/story/zelensky-deepfake-facebook-twitter/}
}

@misc{C2PA2023,
  author = {{Coalition for Content Provenance and Authenticity (C2PA)}},
  title = {C2PA Technical Specification},
  year = {2023},
  url = {https://c2pa.org/specifications/specifications/}
}

@book{Wark2019,
  author = {Wark, McKenzie},
  title = {Capital Is Dead: Is This Something Worse?},
  year = {2019},
  publisher = {Verso}
}
